%YAML 1.1
%TAG !u! tag:unity3d.com,2011:
--- !u!241 &24100000
AudioMixerController:
  m_ObjectHideFlags: 0
  m_CorrespondingSourceObject: {fileID: 0}
  m_PrefabInternal: {fileID: 0}
  m_Name: AudioMixer
  m_OutputGroup: {fileID: 0}
  m_MasterGroup: {fileID: 24300002}
  m_Snapshots:
  - {fileID: 24500006}
  m_StartSnapshot: {fileID: 24500006}
  m_SuspendThreshold: -80
  m_EnableSuspend: 1
  m_UpdateMode: 0
  m_ExposedParameters: []
  m_AudioMixerGroupViews:
  - guids:
    - 9c68b929ba3e91848a8872f06b276b98
    - 67d149c90b9db464b83eb4aaf6890ac6
    - 4ca7e23f4e1115446b6b6587a4a80f35
    name: View
  m_CurrentViewIndex: 0
  m_TargetSnapshot: {fileID: 24500006}
--- !u!243 &24300002
AudioMixerGroupController:
  m_ObjectHideFlags: 0
  m_CorrespondingSourceObject: {fileID: 0}
  m_PrefabInternal: {fileID: 0}
  m_Name: Master
  m_AudioMixer: {fileID: 24100000}
  m_GroupID: 9c68b929ba3e91848a8872f06b276b98
  m_Children:
  - {fileID: 243608874195092116}
  - {fileID: 243195903032146932}
  m_Volume: 98aed1626cd52f24caa1e3721574af98
  m_Pitch: bd82015aa0bb5c94c8708e076ddac54f
  m_Effects:
  - {fileID: 24400004}
  m_UserColorIndex: 0
  m_Mute: 0
  m_Solo: 0
  m_BypassEffects: 0
--- !u!244 &24400004
AudioMixerEffectController:
  m_ObjectHideFlags: 3
  m_CorrespondingSourceObject: {fileID: 0}
  m_PrefabInternal: {fileID: 0}
  m_Name: 
  m_EffectID: 545372499fbce394d97bf8509a41e089
  m_EffectName: Attenuation
  m_MixLevel: 2bac72937c6c2b044aed834362bf65e9
  m_Parameters: []
  m_SendTarget: {fileID: 0}
  m_EnableWetMix: 0
  m_Bypass: 0
--- !u!245 &24500006
AudioMixerSnapshotController:
  m_ObjectHideFlags: 0
  m_CorrespondingSourceObject: {fileID: 0}
  m_PrefabInternal: {fileID: 0}
  m_Name: Snapshot
  m_AudioMixer: {fileID: 24100000}
  m_SnapshotID: dda9debc5c62e744792923869b212fd9
  m_FloatValues:
    7a0c51a740aa27d4d9971c836994dff8: -9.833286
  m_TransitionOverrides: {}
--- !u!243 &243195903032146932
AudioMixerGroupController:
  m_ObjectHideFlags: 0
  m_CorrespondingSourceObject: {fileID: 0}
  m_PrefabInternal: {fileID: 0}
  m_Name: Golpes
  m_AudioMixer: {fileID: 24100000}
  m_GroupID: 4ca7e23f4e1115446b6b6587a4a80f35
  m_Children: []
  m_Volume: 401411bd05f993e4db529e643eece72a
  m_Pitch: 10d08465beea70e488e15bad41abf560
  m_Effects:
  - {fileID: 244311487956699536}
  m_UserColorIndex: 0
  m_Mute: 0
  m_Solo: 0
  m_BypassEffects: 0
--- !u!243 &243608874195092116
AudioMixerGroupController:
  m_ObjectHideFlags: 0
  m_CorrespondingSourceObject: {fileID: 0}
  m_PrefabInternal: {fileID: 0}
  m_Name: Audiencia
  m_AudioMixer: {fileID: 24100000}
  m_GroupID: 67d149c90b9db464b83eb4aaf6890ac6
  m_Children: []
  m_Volume: 7a0c51a740aa27d4d9971c836994dff8
  m_Pitch: 18bfcb293e934b342b3953dfeacfb854
  m_Effects:
  - {fileID: 244815120340481708}
  m_UserColorIndex: 0
  m_Mute: 0
  m_Solo: 0
  m_BypassEffects: 0
--- !u!244 &244311487956699536
AudioMixerEffectController:
  m_ObjectHideFlags: 3
  m_CorrespondingSourceObject: {fileID: 0}
  m_PrefabInternal: {fileID: 0}
  m_Name: 
  m_EffectID: 9425f2aa6c7ac284082ca7802ca4ef89
  m_EffectName: Attenuation
  m_MixLevel: c42102752401ff74e9afc492a336cbf7
  m_Parameters: []
  m_SendTarget: {fileID: 0}
  m_EnableWetMix: 0
  m_Bypass: 0
--- !u!244 &244815120340481708
AudioMixerEffectController:
  m_ObjectHideFlags: 3
  m_CorrespondingSourceObject: {fileID: 0}
  m_PrefabInternal: {fileID: 0}
  m_Name: 
  m_EffectID: 77edfa71e83cd044fa6cf8fd4b9f0db3
  m_EffectName: Attenuation
  m_MixLevel: 88d0b60fead390d4a8f17ffdc83e7362
  m_Parameters: []
  m_SendTarget: {fileID: 0}
  m_EnableWetMix: 0
  m_Bypass: 0
